
% ['Paper 0 discusses a framework called SmartSpec that dynamically determines the optimal speculation length for requests in speculative decoding, which is highly relevant for my work on adaptive draft-verify routing. This should be cited in the methodology section.', 'Paper 1 introduces SpecRouter, which presents an adaptive routing mechanism for multi-level speculative decoding, addressing the need for dynamic adaptation in model selection. This can support the discussion on existing routing methods in the related work section.', 'Paper 4 explores a context-aware dynamic exit layer (DEL) for efficient self-speculative decoding, proposing a method to adaptively select the exit layer and speculation length based on token acceptance rates. This directly relates to the quality prediction aspect of my research and should be cited in the experiments section.']
@article{liu2024optimizingsd,
 author = {Xiaoxuan Liu and Cade Daniel and Langxiang Hu and Woosuk Kwon and Zhuohan Li and Xiangxi Mo and Alvin Cheung and Zhijie Deng and Ion Stoica and Hao Zhang},
 booktitle = {arXiv.org},
 journal = {ArXiv},
 title = {Optimizing Speculative Decoding for Serving Large Language Models Using Goodput},
 volume = {abs/2406.14066},
 year = {2024}
}

@inproceedings{wu2025specrouterar,
 author = {Hang Wu and Jianian Zhu and Yinghui Li and Haojie Wang and Biao Hou and Jidong Zhai},
 title = {SpecRouter: Adaptive Routing for Multi-Level Speculative Decoding in Large Language Models},
 year = {2025}
}

@article{zarch2025delcd,
 author = {Hossein Entezari Zarch and Lei Gao and Chaoyi Jiang and Murali Annavaram},
 booktitle = {arXiv.org},
 journal = {ArXiv},
 title = {DEL: Context-Aware Dynamic Exit Layer for Efficient Self-Speculative Decoding},
 volume = {abs/2504.05598},
 year = {2025}
}

% This paper explores the relationship between MRI quality metrics and deep learning segmentation accuracy, providing insights into how quality impacts model performance. It can be cited in the sections discussing the importance of quality prediction for adaptive model selection in speculative decoding.
@article{muthusivarajan2024evaluatingtr,
 author = {Rajarajeswari Muthusivarajan and A. Celaya and Joshua P Yung and James P Long and Satish E. Viswanath and Daniel S. Marcus and Caroline Chung and David Fuentes},
 booktitle = {Medical Physics (Lancaster)},
 journal = {Medical physics},
 title = {Evaluating the relationship between magnetic resonance image quality metrics and deep learning-based segmentation accuracy of brain tumors.},
 year = {2024}
}

% This paper proposes a deep learning model for path selection based on link quality prediction, which parallels the concept of using predicted quality to inform model selection in QualityRoute. It should be cited in the related work section to support the discussion on using quality metrics for adaptive routing.
@conference{k2023anab,
 author = {Sivaraman K and Nishanth Rayen and Jasper Larsen T and Senthil Kumar E},
 booktitle = {International Conference on Adaptive and Intelligent Systems},
 journal = {2023 Third International Conference on Artificial Intelligence and Smart Energy (ICAIS)},
 pages = {1150-1155},
 title = {An Attention based Recurrent Neural Network Model for Link Quality based Path Selection in Wireless Sensor Networks},
 year = {2023}
}

% ['Paper 0 discusses SpecDec++, an adaptive method for speculative decoding that adjusts candidate lengths based on a Markov Decision Process. This is relevant for my work as it explores optimization strategies in speculative decoding, which can be cited in the methodology section.', 'Paper 2 introduces AdaEAGLE, the first framework that explicitly models adaptive draft structures in speculative decoding. This work emphasizes the importance of context-aware methods, which aligns with my research on quality prediction for adaptive model selection. It should be cited in the related work section to support the discussion on existing methodologies.']
@article{huang2024specdecbs,
 author = {Kaixuan Huang and Xudong Guo and Mengdi Wang},
 booktitle = {arXiv.org},
 journal = {ArXiv},
 title = {SpecDec++: Boosting Speculative Decoding via Adaptive Candidate Lengths},
 volume = {abs/2405.19715},
 year = {2024}
}

@article{zhang2024adaeagleos,
 author = {Situo Zhang and Hankun Wang and Da Ma and Zichen Zhu and Lu Chen and Kunyao Lan and Kai Yu},
 booktitle = {arXiv.org},
 journal = {ArXiv},
 title = {AdaEAGLE: Optimizing Speculative Decoding via Explicit Modeling of Adaptive Draft Structures},
 volume = {abs/2412.18910},
 year = {2024}
}

% This paper discusses a self-optimizing mechanism for prediction-based decentralized routing, which can provide insights into adaptive routing strategies relevant to my research on quality prediction for model selection in speculative decoding. It should be cited in the related work section.
@article{turky2010selfoptimizingmf,
 author = {A. Turky and Florian Liers and A. Mitschele-Thiel},
 booktitle = {Quality of Service in Heterogeneous Wired/Wireless Networks},
 pages = {454-468},
 title = {Self-optimizing Mechanism for Prediction-Based Decentralized Routing},
 year = {2010}
}

% Paper 0 presents an actor-critic deep reinforcement learning approach for adaptive routing and caching, focusing on optimizing quality-of-service metrics, which is relevant to my work on dynamic model selection. It should be cited in the related work section to support the discussion on adaptive routing methods. Paper 1 proposes a deep reinforcement learning-based adaptive routing mechanism in wireless sensor networks, highlighting improvements in quality of service. This can also be cited in the related work section to illustrate existing methodologies for optimizing routing based on quality metrics.
@article{xiao2025adaptivejr,
 author = {Yang Xiao and Huihan Yu and Ying Yang and Yixing Wang and Jun Liu and Nirwan Ansari},
 booktitle = {IEEE Transactions on Mobile Computing},
 journal = {IEEE Transactions on Mobile Computing},
 pages = {4118-4135},
 title = {Adaptive Joint Routing and Caching in Knowledge-Defined Networking: An Actor-Critic Deep Reinforcement Learning Approach},
 volume = {24},
 year = {2025}
}

@article{sun2023adapterad,
 author = {Chao Sun and Jianxin Liao and Jiangong Zheng and Xiaotong Guo and Tongyu Song and Jing Ren and Ping Zhang and Yongjie Nie and Siyang Liu},
 booktitle = {Conference on Computer Communications Workshops},
 journal = {IEEE INFOCOM 2023 - IEEE Conference on Computer Communications Workshops (INFOCOM WKSHPS)},
 pages = {1-6},
 title = {ADAPTER: A DRL-Based Approach to Tune Routing in WSNs},
 year = {2023}
}
